@Article{Reference,
	author		= {AUTHOR},
	year		= {666},
	title		= {Title.},
	journal		= {Journal de Mickey},
	volume		= {},
	pages		= {},
}
@Book{Hervouet2007,
  author = 	 {HERVOUET J.-M.},
  title = 	 {Hydrodynamics of Free Surface Flows. Modelling with the finite element method},
  publisher = 	 {Wiley},
  year = 	 {2007}
}
@InProceedings{Quetin1977,
  author = 	 {GAUTHIER M. and QUETIN B.},
  title = 	 {Modèles mathématiques de calcul des écoulements induits par le vent},
  booktitle = {17e congrès de l'AIRH},
  year = 	 {1977},
  address = 	 {Baden-Baden},
  month = 	 {August}
}
@Article{Tsanis1989,
  author = 	 {TSANIS I.},
  title = 	 {Simulation of Wind-Induced Water Currents},
  journal = 	 {Journal of hydraulic Engineering},
  year = 	 {1989},
  volume = 	 {115},
  number = 	 {8},
  pages = 	 {1113-1134}
}
@Article{Smagorinsky1963,
  author = 	 {SMAGORINSKY J.},
  title = 	 {General simulation experiments with the primitive equations},
  journal = 	 {Monthly Weather Review},
  year = 	 {1963},
  volume = 	 {91},
  number = 	 {3},
  pages = 	 {99-164},
  month = 	 {March}
}
@TechReport{HervouetProg2009,
  author = 	 {HERVOUET J.-M.},
  title = 	 {Guide to programming in the TELEMAC system version 6.0},
  institution =  {EDF R\&D-LNHE},
  year = 	 {2009},
  number = 	 {H-P74-2009-00801-EN}
}
@TechReport{Pham2012,
  author = 	 {PHAM C.-T. and BOURBAN S. and DURAND N. and TURNBULL M.},
  title = 	 {Méthodologie pour la simulation de la marée avec la version 6.2 de TELEMAC-2D et TELEMAC-3D},
  institution =  {EDF R\&D-LNHE},
  year = 	 {2012},
  number = 	 {H-P74-2012-02534-FR}
}
@TechReport{JolyGoeury2013,
  author = 	 {JOLY A. and GOEURY C. and HERVOUET J.-M.},
  title = 	 {Adding a particle transport module to TELEMAC-2D with applications to algae blooms and oil spills},
  institution =  {EDF R\&D-LNHE},
  year = 	 {2013},
  number = 	 {H-P74-2013-02317-EN}
}
@Book{Metcalf1990,
  author = 	 {METCALF M. and REID J.},
  title = 	 {Fortran 90 explained},
  publisher = 	 {Oxford Science Publications},
  year = 	 {1990}
}
@Book{Janin1996,
  author = 	 {JANIN J.-M. and HERVOUET J.-M. and MOULIN C.},
  title = 	 {A positive conservative scheme for scalar advection using the
    M.U.R.D technique in 3D free-surface flow problems},
  publisher = 	 {XI${}^{th}$ International Conference on Computional methods
    in water resources},
  year = 	 {1996}
}
@Book{Hervouet1911,
  author = 	 {HERVOUET J.-M.},
  title = 	 {M\'{e}thodes it\'{e}ratives pour la solution des syst\`{e}mes
    matriciels.},
  publisher = 	 {Rapport EDF HE43/93.049/A},
  year = 	 {1996}
}
@Article{KumarGurram1997,
  author  = {Sampath Kumar Gurram and Karam S. Karki and Willi H. Hager},
  title   = {Subcritical Junction Flow},
  journal = {Journal of Hydraulic Engineering},
  year    = {1997},
  volume =   {123},
  number =   {5},
  pages =    {447-455},
  month =    {may}
}
@Book{HervouetMaple,
  author = 	 {HERVOUET J.-M. and C. LENORMANT},
  title = 	 {Symbolic computation of Finite Element matrices with MAPLE V.},
  publisher = 	 {Rapport EDF HE43/97.048/A},
  year = 	 {1997}
}
@InProceedings{LaND15,
  TITLE = {{Numerical Reproducibility: Feasibility Issues}},
  AUTHOR = {Langlois, Philippe and Nheili, Rafife and Denis, Christophe},
  HAL = {http://hal-lirmm.ccsd.cnrs.fr/lirmm-01141852},
  BOOKTITLE = {{NTMS'2015: 7th IFIP International Conference on New Technologies, Mobility and Security}},
  ADDRESS = {Paris, France},
  ORGANIZATION = {{IEEE, IEEE COMSOC \& IFIP TC6.5 WG}},
  DOI={10.1109/NTMS.2015.7266509},
  PAGES = {1-5},
  YEAR = {2015},
  MONTH = Jul,
  KEYWORDS = {finite element simulation ; Tomawac ; floating-point arithmetic ; Numerical reproducibility ; open Telemac-Mascaret},
  PDF = {http://hal-lirmm.ccsd.cnrs.fr/lirmm-01141852/file/LangloisNheiliDenis.pdf},
  HAL_ID = {lirmm-01141852},
  HAL_VERSION = {v1},
}

@InProceedings{LaND16,
  TITLE = {{Recovering numerical reproducibility in hydrodynamic simulations}},
  AUTHOR = {Langlois, Philippe and Nheili, Rafife and Denis, Christophe},
  YEAR = {2016},
  MONTH = jul,
  booktitle = {23rd IEEE International Symposium on Computer Arithmetic},
  pages = 	 "63--70",
  editor = 	 {P.~Montuschi, M.~Schulte, J.~Hormigo and S.~Oberman and N.~Revol},
  number = 	 {ISBN 978-1-5090-1615-0},
  DOI = {10.1109/ARITH.2016.27},
  publisher = {IEEE Computer Society},
  PDF = {http://hal-lirmm.ccsd.cnrs.fr/lirmm-01267612/file/arith.pdf},
  KEYWORDS = {Numerical reproducibility ; finite element ; domain decomposition ; hydrodynamics simulation ; HPC ; compensated algorithms ; openTelemac},
  key = 	 "acteconf",
  note = {(Silicon Valley, USA. July 10-13 2016)},
  HAL = {http://hal-lirmm.ccsd.cnrs.fr/lirmm-01267612}
}

