@Article{Abad08,
	author		= {Abad J.D., Buscaglia G.C. and Garcia M.H.},
	year		= {2008},
	title		= {2{D} stream hydrodynamic, sediment transport and bed morphology model for engineering applications.},
	journal		= {Hydrological Processes},
	volume		= {22},
	pages		= {1443--1459},
}
@Article{Engelund74,
	author		= {Engelund F.},
	year		= {1974},
	title		= {Flow and bed topography in channel bends},
	journal		= {Journal of Hydraulics ASCE},
	volume		= {100},
	pages		= {1631--1648},
}
@Article{Mendoza15,
	author		= {Mendoza A. and Abad J.D. and Langendoen E. and Wang D. and Tassi P. and El Kadi Abderrezzak K.},
	year		= {2016},
	title		= {Effect of sediment transport boundary conditions on the numerical modeling of bed morphodynamics.},
	journal		= {J. of Hydr. Eng.},
	volume		= {},
	pages		= {},
}

@InProceedings{KochFlokstra80,
  author = 	 {Koch F.G. and Flokstra C.},
  title = 	 {Bed level computations for curved alluvial channels.},
  booktitle = {Proceedings of the XIXth Congress of the Int. Ass. for Hydr. Res.},
  year = 	 {1980},
  address = 	 {New Delhi, India},
  month = 	 {}
}
@Book{Soulsby97,
  author = 	 {Soulsby R.},
  title = 	 {Dynamics of marine sands},
  publisher = 	 {H.R. Wallingford},
  year = 	 {1997}
}
@Article{Talmon95,
	author		= {Talmon A.M. and Struiksma N. and van Mierlo M.C.L.M},
	year		= {1995},
	title		= {Laboratory measurements of the direction of sediment transport on transverse alluvial-bed slopes.},
	journal		= {J. of Hydr. Res.},
	volume		= {33(4)},
	pages		= {495--517},
}
@Article{CelikRodi,
	author		= {Celik I. and Rodi W.},
	year		= {1988},
	title		= {Modelling Suspended Sediment Transport
in non- equilibrium situations},
	journal		= {Journal of Hydraulic Eng.},
	volume		= {114(10)},
	pages		= {},
}
@InProceedings{Huybrechts,
  author = 	 {Huybrechts N. and Villaret C. and Hervouet J-.M.},
  title = 	 {Comparison between 2{D} and 3{D}
modelling of sediment transport: application to the dune evolution.},
  booktitle = {Proceedings of the Riverflow 2010 conference},
  year = 	 {2010},
  address = 	 {},
  month = 	 {}
}
@Article{vanRijn84a,
	author		= {van Rijn L.C.},
	year		= {1984},
	title		= {Sediment transport - {P}art {I} : bed load},
	journal		= {J. of Hydraulic Division},
	volume		= {HY10},
	pages		= {1431-1456},
}
@Article{vanRijn84b,
	author		= {van Rijn L.C.},
	year		= {1984},
	title		= {Sediment transport - {P}art {II} : suspended load},
	journal		= {J. of Hydraulic Division},
	volume		= {HY11},
	pages		= {1631-1641},
}
@Article{Zyserman,
	author		= {Zyserman J.A. and Fredsoe J.},
	year		= {1994},
	title		= {Data analysis of bed concentration of
suspended sediment},
	journal		= {Journal of Hydraulic Engineering},
	volume		= {120},
	pages		= {1021-1042},
}
@Article{Ashida,
	author		= {Ashida K. and Mishiue M.},
	year		= {1973},
	title		= {Studies on bed load transport
rate in alluvial streams},
	journal		= {Trans JSCE},
	volume		= {4},
	pages		= {},
}
@Article{Egiazaroff,
	author		= {Egiazaroff I.V.},
	year		= {1965},
	title		= {Calculation of non-uniform sediment
concentrations},
	journal		= {J. of Hydr. Div. ASCE},
	volume		= {91(4)},
	pages		= {225-248},
}
@TechReport{Einstein,
  author = 	 {Einstein H.A.},
  title = 	 {The bed load function for sediment
transportation in open channel flow},
  institution =  {US Dep. Of Agriculture, Techn. Bull.},
  year = 	 {1950},
  number = 	 {}
}
@phdthesis{Hunziker,
  author       = {Hunziker R.P.}, 
  title        = {Fraktionsweiser Geschuebetransport},
  school       = {Versuchanstalt fur Wasserbau,
Hydrologie und Glaziologie, ETH Zurich},
  year         = 1993,
  address      = {Switzerland}
}
@techreport{Karim,
  author       = {Karim M.F. and Kennedy J.F.}, 
  title        = {A computer based flow and
sediment routing},
  institution  = {University of Iowa},
  year         = 1982,
  address      = {Iowa City, USA},
  note         = {IIH Report N$^\circ$250 Modelling for streams and its
application to the Missouri River}
}
@phdthesis{vanRijn87,
  author       = {van Rijn L.C.}, 
  title        = {Mathematical modelling of morphological processes in the case of suspended sediment transport},
  school       = {Faculty of civil
engineering, Delft University of technology},
  year         = 1987,
  address      = {Delft, The Netherlands}
}
@conference{Bijker,
  author       = {Bijker E.W.}, 
  title        = {Mechanics of sediment transport by the
combination of waves and current.},
  booktitle    = {Design and Reliability of Coastal
Structures},
  year         = 1968,
  note         = {23$^{rd}$ Int. Conf. on Coastal Engineering},
  pages        = {147-173}
}
@techreport{Swart,
  author       = {Swart D.H.}, 
  title        = {Offshore sediment transport and
equilibrium beach profiles},
  institution  = {Delft University,
The Netherlands},
  year         = 1976,
  note         = {Delft Hydraulics Publication 131}
}
@phdthesis{Lan12,
  author       = {Lan A.V.D.}, 
  title        = {Numerical modelling of sand-mud mixtures settling and
transport processes : application to morphodynamic of
the Gironde estuary (France)},
  school       = {Universit\'e Paris-Est},
  year         = 2012,
  address      = {Paris, France}
}

@Book{Vreugdenhil:94,
  title = {Numerical Methods for Shallow Water Flow},
  author = {Vreugdenhil C.B.},
  edition = {2nd},
  publisher = {Kluwer Academic Publishers: Dordrecht, Netherlands},
  year = {1994}
}

@Article{cao02,
  author = 	 {Cao Z. and Day R. and Egashira S.},
  title = 	 {Coupled and decoupled numerical modelling of flow and morphological evolution in alluvial rivers},
  journal = 	 {Journal of Hydraulic Engineering},
  year = 	 {2002},
  OPTkey = 	 {},
  volume = 	 {128},
  number = 	 {3},
  OPTpages = 	 {},
  OPTmonth = 	 {},
  OPTnote = 	 {},
  OPTannote = 	 {}
}

@Article{vriend87,
  author = 	 {de Vriend H.J.},
  title = 	 {2{DH} mathematical modelling of morphological evolutions in shallow water},
  journal = 	 {Coastal Engineering},
  year = 	 {1987},
  OPTkey = 	 {},
  OPTvolume = 	 {},
  number = 	 {11},
  pages = 	 {1--27},
  OPTmonth = 	 {},
  OPTnote = 	 {},
  OPTannote = 	 {}
}

@Article{Frac02,
  author = 	 {L. Fraccarollo and H. Capart},
  title = 	 {{Riemann wave description of erosional dam-break flows}},
  journal = 	 {J. Fluid Mech.},
  year = 	 2002,
  volume = 	 461,
  pages = 	 {183-228}
}

@ARTICLE{Defina2003,
	author = {Defina, A.},
	title = {Numerical experiments on bar growth},
	journal = {Water Resources Research},
	year = {2003},
	volume = {39(4)}
}

@ARTICLE{Crosato2011,
	author = {Crosato, A. and E. Mosselman and F. Beidmariam Desta and W. S. J. Uittewaal},
	title = {Experimental and numerical evidence for intrinsic nonmigrating bars in alluvial channels},
	journal = {Water Resources Research},
	year = {2011},
	volume = {47}
}

@ARTICLE{Whiting1993a,
	author = {Whiting, P. J. and W. E. Dietrich},
	title = {Experimental studies of bed topography and flow patterns in large-amplitude meanders, 1 Observations},
	journal = {Water Resources Research},
	year = {1993},
	volume = {vol. 29},
          pages = {3605-3614},
	number = {11}
}

@ARTICLE{Whiting1993b,
	author = {Whiting, P. J. and W. E. Dietrich},
	title = {Experimental studies of bed topography and flow patterns in large-amplitude meanders, 2 Mechanisms},
	journal = {Water Resources Research},
	year = {1993},
	volume = {vol. 29},
          pages = {3615-3622},
	number = {11}
}

@BOOK{GarciaBook2006,
	title = {Manual of Practice 54, Sedimentation Engineering},
	publisher = {Classic Edition, V.A. Vanoni (editor), Environmental and Water Resources Institute (EWRI), American Society of Civil Engineers (ASCE)},
	author = {Garc√≠a, M. H.},
	year = {2006},
	pages = {418},
}

@InProceedings{Knaapen12,
  author = 	 {Knaapen M.A.F. and Joustra R.},
  title = 	 {Morphological acceleration factor: usability, accuracy and r
un time reductions 2D and 3D modelling of sediment transport -- application to the dune evolution.},
  booktitle = {Proceedings of {XIX}th {TELEMAC
-MASCARET} {U}ser {C}onference},
  year = 	 {2012},
  address = 	 {Oxford, UK},
  month = 	 {18-19 October}
}

@article{ElKadiAbderrezzak201675,
title = "Modelling river bank erosion using a 2D depth-averaged numerical model of flow and non-cohesive, non-uniform sediment transport ",
journal = "Advances in Water Resources ",
volume = "93, Part A",
number = "",
pages = "75 - 88",
year = "2016",
url = "http://www.sciencedirect.com/science/article/pii/S0309170815002638",
author = "El Kadi Abderrezzak K. and Die Moran A. and Tassi P. and Ata R. and Hervouet J.M."
}

@InProceedings{Hervouet11,
  author = 	 {Hervouet J.M., Razafindrakoto E. and Villaret C.},
  title = 	 {Dealing with dry zones
in free surface flows, a new class of advection scheme.},
  booktitle = {Proceedings of the 34th IAHR World Congress},
  year = 	 {2011},
  address = 	 {Brisbane, Australia},
  month = 	 {July}
}

@article{Hirano1971,
title = "On riverbed variation with armoring",
journal = "Proc Jpn Soc Civil Eng",
volume = "195",
number = "",
pages = "55 - 65",
year = "1971",
author = "Hirano M.",
}


@book{wu2007computational,
  title={Computational River Dynamics},
  author={Wu, W.},
  isbn={9780415449618},
  lccn={2007040342},
  year={2007},
  publisher={Taylor \& Francis}
}

@article{WibergHarris,
title = "Ripple geometry in
wave-dominated environments",
journal = "Journal of Geophysical Research",
volume = "99",
number = "C1",
pages = "775--789",
year = "1994",
author = "Wiberg P.L. and Harris C.K.",
}


@article{vanRijn07,
title = "Unified view of sediment transport by currents and waves. 1. Initiation of motion, bed roughness, and bed-load transport",
journal = "Journal of Hydraulic Engineering",
volume = "133",
number = "6",
pages = "649--667",
year = "2007",
author = "van Rijn L.C.",
}

@Book{Winterwerp,
  author = 	 {Winterwerp J.C. and van Kesteren W.G.M.},
  title = 	 {Introduction to the Physics of Cohesive Sediment Dynamics in the Marine Environment},
  publisher = 	 {Elsevier},
  year = 	 {2004},
  pages =        {576pp}
}

@article{Bailard,
title = "An energetics total load transport model
for a plane sloping beach",
journal = "Journal of Geophysical Research",
volume = "86",
number = "C11",
pages = "10938-10954",
year = "1981",
author = "Bailard J.",
}

@InProceedings{Dibajnia,
  author = 	 {Dibajnia M. and Watanabe A.},
  title = 	 {Sheet flow under non-linear
waves and currents.},
  booktitle = {Proc. of the Intl. Conf. on Coastal Eng.},
  year = 	 {1992},
  address = 	 {},
  pages =        {2015-2029},
  month = 	 {}
}

@phdthesis{deLinaresthesis,
  author       = {Matthieu De Linares}, 
  title        = {Mod√©lisation num√©rique bidimensionnelle du transport solide et de la dynamique fluviale. Validation sur deux sites en Loire et sur l'Arc},
  school       = {Universit√© Joseph-Fourier - Grenoble I},
  year         = 2007,
  address      = {},
  note         = {In French}
}

@techreport{Miles96,
  author       = {Miles G.V.}, 
  title        = {Numerical model simulation of entrainment of sand bed material},
  institution  = {Hydraulics {R}esearch {W}allingford, UK},
  year         = 1986,
  month        = March,
  note         = {Report No {SR} 75}
}


@article{WongParker06,
title = "Reanalysis and correction of bed-load relation of Meyer-Peter and 
M√ºller using their own database",
journal = "Journal of Hydraulic Engineering",
volume = "132",
number = "11",
pages = "1159-1168",
year = "2006",
author = "Wong, M. and Parker, G.",
}

@phdthesis{thiebot08,
  author       = {Thi√©bot J.}, 
  title        = {Mod√©lisation num√©rique des processus gouvernant la formation et la
d√©gradation des massif vaseux},
  school       = {ENGREF- Uniersit√© de Caen},
  year         = 2008,
  address      = {},
  note         = {In French}
}




