@Article{Airh1986,
	author		= {AIRH / AIPCN},
	year		= {1986},
	title		= {Paramètres des états de mer.},
	journal		= {Supplément au bulletin N52 de l'AIRH},
	volume		= {},
	pages		= {},
}

@Inproceedings{Battjes1978,
	author		= {BATTJES J.A., JANSSEN J.P.F.M.},
	year		= 1978,
	title		= {Energy loss and set-up due to breaking of random waves.},
	booktitle	= {Proc. 16th Int. Conf. Coastal Eng.},
	pages		= {569-587.},
}

 BECQ F. (1998): Extension de la modélisation spectrale des états de mer vers le domaine côtier. \textit{Thèse présentée à l'université de Toulon.}

 BENOIT M. (1995): Logiciel TOMAWAC de modélisation des états de mer en éléments finis. Plan Qualité Logiciel. \textit{Note EDF-LNH HE-42/95/061/B}

@TechReport{Benoit1997,
  author = 	 {BENOIT M.},
  title = 	 { Logiciel TOMAWAC de modélisation des états de mer en éléments finis. Interactions non-linéaires de houle entre quadruplets de fréquences. Développement et mise en oeuvre de la méthode des interactions discrètes.},
  institution =  {EDF-R\&D-LNH},
  year = 	 {1997},
  OPTkey = 	 {},
  OPTtype = 	 {},
  number = 	 {HE-42/97/005},
  OPTaddress = 	 {},
  OPTmonth = 	 {},
  OPTnote = 	 {},
  OPTannote = 	 {}
}
@TechReport{Benoit1996,
  author = 	 {BENOIT M.},
  title = 	 { Logiciel TOMAWAC de modélisation des états de mer en éléments finis. Dossier de validation de la version 1.0.},
  institution =  {EDF-R\&D-LNH},
  year = 	 {1996},
  OPTkey = 	 {},
  OPTtype = 	 {},
  number = 	 {HE-42/96/010/A},
  OPTaddress = 	 {},
  OPTmonth = 	 {},
  OPTnote = 	 {},
  OPTannote = 	 {}
}

 BENOIT M. (2002): Logiciel TOMAWAC de modélisation des états de mer en éléments finis. Notice d'utilisation de la version 5.2. \textit{Note EDF-R\&D-LNHE HP-75/02/066}.

 BENOIT M. (2002): Logiciel TOMAWAC de modélisation des états de mer en éléments finis. Dossier de validation de la version 5.2. \textit{Note EDF-R\&D-LNHE HP-75/02/067.}

@InProceedings{Benoit2005,
  author = 	 {BENOIT M.},
  title = 	 {Evaluation of methods to compute the non-linear quadruplet interactions for deep-water wave spectra.},
  OPTcrossref =  {},
  OPTkey = 	 {},
  booktitle = {5th Int. Symp. on Ocean Wave Measurement and Analysis (WAVES 2005)},
  OPTpages = 	 {},
  year = 	 {2005},
  OPTeditor = 	 {},
  OPTvolume = 	 {},
  OPTnumber = 	 {52},
  OPTseries = 	 {},
  OPTaddress = 	 {},
  OPTmonth = 	 {},
  OPTorganization = {},
  OPTpublisher = {},
  OPTnote = 	 {},
  OPTannote = 	 {}
}

@TechReport{Bidlot2007,
  author = 	 {BIDLOT J-R, JANSSEN P, ABDALLA S.},
  title = 	 {A revised formulation of ocean wave disspationand its model impact.},
  institution =  {ECMWF},
  year = 	 {2007},
  OPTkey = 	 {},
  type = 	 {Tech. Rep. Memo.},
  OPTnumber = 	 {},
  address = 	 {Reading},
  OPTmonth = 	 {},
  OPTnote = 	 {},
  OPTannote = 	 {}
}

 @Article{Bouws1983,
	author		= {BOUWS E., KOMEN G. J.},
	year		= {1983},
	title		= {On the balance between growth and dissipation in an extreme depth-limited wind-sea in the southern North-Sea.},
	journal		= {J. Phys. Oceanogr.},
	volume		= {13},
	pages		= {1653-1658},
}
@Inproceedings{Berkhoff1972,
	author		= {BERKHOFF J.C.W.},
	year		= 1972,
	title		= {Computation of combined refraction-diffraction.},
	booktitle	= {Proc. 13th Int. Conf. Coastal Eng.},
	publisher	= {ASCE},
	pages		= {471-490},
}

@Article{Bretherton1969,
	author		= {BRETHERTON F.P., GARRET C.J.R. },
	year		= {1969},
	title		= {Wavetrains in inhomogeneous moving media.},
	journal		= {Proc.Roy. Soc. London, Series A.},
	volume		= {302},
	pages		= {529-554},
}

@Article{Cavaleri1981,
	author		= {CAVALERI L, MALANOTTE-RIZZOLI P.},
	year		= {1981},
	title		= { Wind wave prediction in shallow water : theory and applications.},
	journal		= {J. Geophys. Res.},
	volume		= {86 (C5)},
	pages		= {10,961--10,975},
}
 CAVALERI L, MALANOTTE-RIZZOLI P. (1981): Wind wave prediction in shallow water : theory and applications. \textit{J. Geophys. Res., 86 (C5), 10,961--10,975}.

@TechReport{chaloin1989,
  author = 	 { CHALOIN B.},
  title = 	 {Modèle d'états de mer - Rapport N${}^\circ$1 - Equations et méthodes de résolution.},
  institution =  { EDF-LNH},
  year = 	 {1989},
  OPTkey = 	 {},
  OPTtype = 	 {},
  number = 	 {HE-42/89.06B.},
  OPTaddress = 	 {},
  OPTmonth = 	 {},
  OPTnote = 	 {},
  OPTannote = 	 {}
}
 CHALOIN B. (1989): Modèle d'états de mer - Rapport N${}^\circ$1 - Equations et méthodes de résolution. \textit{Note EDF-LNH HE-42/89.06B.}

 DINGEMANS M.W. (1983). Verification of numerical wave propagation models with field measurements. Crediz verification Haringvliet. \textit{Report W488, Delft Hydraulics Laboratory, Delft, The Netherlands}

@TechReport{Dingemans1983,
  author = 	 {DINGEMANS M.W.},
  title = 	 {Verification of numerical wave propagation models with field measurements. Crediz verification Haringvliet.},
  institution =  {Delft Hydraulics Laboratory},
  year = 	 {1983},
  key = 	 { W488},
  OPTtype = 	 {},
  OPTnumber = 	 {},
  OPTaddress = 	 {},
  OPTmonth = 	 {},
  OPTnote = 	 {},
  OPTannote = 	 {}
}

@Article{Eldeberky1995,
	author		= {ELDEBERKY Y., BATTJES J.A.},
	year		= {1995},
	title		= {Parameterisation of triads interactions in wave energy models.},
	journal		= {Proc. Coastal Dynamics'1995},
	pages		= { 140-148},
}

@TechReport{Esposito1981,
  author = 	 {ESPOSITO P.},
  title = 	 {Résolution bidimensionnelle des équations de transport par la méthode des caractéristiques.},
  institution =  { EDF-DER-LNH},
  year = 	 {1981},
  key = 	 {HE-41/81.16.},
  OPTtype = 	 {},
  OPTnumber = 	 {},
  OPTaddress = 	 {},
  OPTmonth = 	 {},
  OPTnote = 	 {},
  OPTannote = 	 {}
}

@PhdThesis{Gagnaire2009,
  author = 	 {GAGNAIRE-RENOU E.},
  title = 	 {Amélioration de la modélisation spectrale des états de mer par un calcul quasi-exact des interactions non-linéaires vague-vague.},
  school = 	 {Université du Sud Toulon Var},
  year = 	 {2009},
  OPTkey = 	 {},
  type = 	 {Phd Thesis},
  OPTaddress = 	 {},
  OPTmonth = 	 {},
  OPTnote = 	 {},
  OPTannote = 	 {}
}

@Article{Gagnaire2010,
	author		= {Gagnaire-Renou E., Benoit M., Forget Ph.},
	year		= {2010},
	title		= {Ocean wave spectrum properties as derived from quasi-exact computations of nonlinear wave-wave interactions.},
	journal		= {J. Geophys. Res. C (Oceans)},
	volume		= {115, C12, C12058},
	doi		= {10.1029/2009JC005665},
}

@Article{Hasselmann1962_1,
	author		= {HASSELMANN K.},
	year		= {1962},
	title		= {On the non-linear energy transfer in a gravity-wave spectrum. Part I: General theory.},
	journal		= {J. Fluid Mech.},
	volume		= {12},
	pages		= {481-500},
}
@Article{Hasselmann1962_2,
	author		= {HASSELMANN K.},
	year		= {1962},
	title		= {On the non-linear energy transfer in a gravity-wave spectrum. Part II: Conservation theorems; wave-particle analogy ; irreversibility.},
	journal		= {J. Fluid Mech.},
	volume		= {15},
	pages		= {273-281.},
}

@Article{Hasselmann1973,
	author		= {HASSELMANN K. BARNETT T.P. BOUWS E. CARLSON H. CARTWRIGHT D.E. ENKE K. EWING J.A. GIENAPP H. HASSELMANN D.E. KRUSEMAN P. MEERBURG A. MULLER P. OLBERS D.J. RICHTER K. SELL W. WALDEN H.},
	year		= {1973},
	title		= {Measurements of wind-wave growth and swell decay during the Joint North Sea Wave Project (JONSWAP)},
	journal		= {Deutschen Hydrographischen Zeitschrift},
	volume		= {8 N 12},
}

@Article{Hasselmann1985_1,
	author		= {HASSELMANN S., HASSELMANN K.},
	year		= {1985},
	title		= {Computations and parameterizations of the nonlinear energy transfer in gravity-wave spectrum. Part I: a new method for efficient computations of the exact nonlinear transfer integral.},
	journal		= {J. Phys. Oceanogr.},
	volume		= {15},
	pages		= {1369-1377},
}
@Article{Hasselmann1985_2,
	author		= {HASSELMANN S. HASSELMANN K. ALLENDER J.H. BARNETT T.P.},
	year		= {1985},
	title		= {Computations and parameterizations of the nonlinear energy transfer in gravity-wave spectrum. Part II: Parameterizations of the nonlinear energy transfer for application in wave models.},
	journal		= {J. Phys. Oceanogr.},
	volume		= {15},
	pages		= {1378-1391},
}

@Article{Hedges1985,
	author		= { HEDGES TS, ANASTASIOU K, GABRIEL D},
	year		= {1985},
	title		= { Interaction of random waves and currents},
	journal		= {Waterway Port Coastal and Ocean Engineering},
	volume		= {111},
	pages		= {275--288},
}

 @Unpublished{Hersbach1999,
  author = 	 {HERBACH H., JANSSEN P., HASSELMANN K.},
  title = 	 {Change of WAM model integration scheme.},
  note = 	 {Personal communication - 12/06/96.},
  OPTkey = 	 {},
  OPTmonth = 	 {},
  year = 	 {1996},
  OPTannote = 	 {}
}

@Article{Herterich1980,
	author		= {HERTERICH K., HASSELMANN K.},
	year		= {1980},
	title		= {A similarity relation for the non-linear energy transfer in a finite-depth gravity-wave spectrum. },
	journal		= {J. Fluid Mech.},
	volume		= {97},
	pages		= {215-224},
}
@Book{Hervouet2007,
	author		= {HERVOUET J-M.},
	year		= 2007,
	title		= {Hydrodynamics of free surface flows. Modelling with the finite element method.},
	publisher	= {John Wiley \& Sons, Ltd},
	OPTaddress	= {Paris}
}

 HOLTHUIJSEN L.H., HERMAN A., BOOIJ N. (2003): Phase-decoupled refraction-diffraction for spectral wave models. \textit{Coastal Engineering, vol. 49, pp. 291-305}.

@Article{Izumiya1984,
	author		= {IZUMIYA T., HORIKAWA K.},
	year		= {1984},
	title		= {Wave energy equation applicable in and outside the surf zone.},
	journal		= {Coastal Eng. in Japan},
	volume		= {27},
	pages		= {119-137},
}

@Article{Janssen1989,
	author		= {JANSSEN P.A.E.M.},
	year		= {1989},
	title		= {Wave-induced stress and the drag of air flow over sea waves.},
	journal		= {J. Phys. Oceanogr.},
	volume		= {19},
	pages		= {745-754},
}

@Article{Janssen1991,
	author		= {JANSSEN P.A.E.M.},
	year		= {1991},
	title		= {Quasi-linear theory of wind-wave generation applied to wave forecasting.},
	journal		= {J. Phys. Oceanogr.},
	volume		= {21},
	pages		= {1631-1642},
}

@Book{Komen1994,
	author		= {KOMEN G.J. CAVALERI L. DONELAN M. HASSELMANN K. HASSELMANN S. JANSSEN P.A.E.M},
	year		= 1994,
	title		= {Dynamics and Modelling of ocean waves.},
	publisher	= {Cambridge University Press},
	OPTaddress	= {Paris}
}
@Article{Komen1984,
	author		= {KOMEN G.J., HASSELMANN S., HASSELMANN K.},
	year		= {1984},
	title		= {On the existence of a fully developed wind-sea spectrum.},
	journal		= {J. Phys. Oceanogr.},
	volume		= {14},
	pages		= {1271-1285},
}

 @TechReport{Kriezi2006,
  author = 	 {KRIEZI E.},
  title = 	 {Incorporating diffraction effects in the TOMAWAC spectral wave model.},
  institution =  { EDF R\&D-LNHE},
  year = 	 {2006},
  OPTkey = 	 {},
  type = 	 {Internal report},
  OPTnumber = 	 {},
  OPTaddress = 	 {},
  OPTmonth = 	 {},
  OPTnote = 	 {},
  OPTannote = 	 {}
}

 LAI RJ, LONG SR, HUANG N.E. (1989) Laboratory studies of wave-current interaction : kinematics of the strong interaction. Journal of Geophysical Research 94, p 16201-16214.

@Article{Lavrenov2001,
	author		= {LAVRENOV I.V.},
	year		= {2001},
	title		= {Effect of wind wave parameter fluctuation on the nonlinear spectrum evolution.},
	journal		= {J. Phys. Oceanogr.},
	volume		= {31},
	pages		= {861--873},
}

@Article{Liu2005,
	author		= {LIU G. R. ZHANG G. Y. GU Y. T. AND WANG Y. Y.},
	year		= {2005},
	title		= {A meshfree radial point interpolation method (RPIM) for three-dimensional solids.},
	journal		= {Computational Mechanics},
	volume		= {36},
	pages		= {421-430},
}
 MADSEN P.A., SORENSEN O.R. (1992): A new form of the Boussinesq equations with improved linear dispersion characteristics. Part 2: a slowly-varying bathymetry. \textit{Coastal Eng., vol. 18, pp 183- 205.}

@Article{Madsen1993,
	author		= {MADSEN P.A., SORENSEN O.R.},
	year		= {1993},
	title		= {Bound waves and triads interactions in shallow water.},
	journal		= {Ocean Eng.},
	volume		= {20 N${}^\circ$4},
	pages		= {359-388},
}
 Manuel d'Assurance Qualité de la DER - Généralités (MAQ-G). \textit{Note EDF-DER HB-01/94/024/A Mai 1995.}

 Manuel d'Assurance Qualité de la DER pour les logiciels scientifiques et techniques (MAQ-LST) \textit{Note EDF-DER HB-01/93/041/A - Décembre 1993.}

 Manuel Qualité du Département LNH. \textit{Note EDF-DER-LNH HE-40/92.04B - Décembre 1992.}

 @InBook{Mei1983,
  author = 	 {MEI C.C.},
  OPTeditor = 	 {},
  title = 	 {The applied dynamics of ocean surface waves.},
  OPTchapter = 	 {},
  publisher = 	 {John Wiley \& Sons},
  year = 	 {1983},
  OPTkey = 	 {},
  OPTvolume = 	 {},
  OPTnumber = 	 {},
  OPTseries = 	 {},
  OPTtype = 	 {},
  address = 	 {New-York},
  OPTedition = 	 {},
  OPTmonth = 	 {},
  pages = 	 {740},
  OPTnote = 	 {},
  OPTannote = 	 {}
}

@Article{Miles1957,
	author		= {MILES J.W.},
	year		= {1957},
	title		= {On the generation of surface waves by shear flows.},
	journal		= {J. Fluid Mech.},
	volume		= {3},
	pages		= {185-204},
}
@Article{Mitsuyasu1975,
	author		= {MITSUYASU H. TASAI F. SUHARA T. MIZUNO S. OHKUSU M. HONDA T. RIKIISHI K.},
	year		= {1975},
	title		= {Observations of the Directional Spectrum of Ocean WavesUsing a Cloverleaf Buoy},
	journal		= {J. Phys. Oceanogr.},
	volume		= {5},
	pages		= {750-760},
}
@Article{Phillips1957,
	author		= {PHILLIPS O.M.},
	year		= {1957},
	title		= {On the generation of waves by turbulent wind.},
	journal		= {J. Fluid Mech.},
	volume		= {2},
	pages		= {417445},
}
@Article{Phillips1958,
	author		= {PHILLIPS O.M.},
	year		= {1958},
	title		= {The equilibrium range in the spectrum of wind-generated waves.},
	journal		= {J. Fluid Mech.},
	volume		= {4},
	pages		= {426-434},
}
@Book{Phillips1977,
	author		= {PHILLIPS O.M.},
	year		= 1977,
	title		= {The dynamics of the upper ocean.},
	publisher	= {Cambridge University Press, Second edition},
	address		= {Cambridge}
}
@Article{Pierson1964,
	author		= {PIERSON W.J., MOSKOWITZ L.},
	year		= {1964},
	title		= {Proposed Spectral Form for Fully Developed Wind Seas Based on the Similarity Theory of S. A. Kitaigorodskii.},
	journal		= {J. Geophys. Res.},
	volume		= {69},
	pages		= {5181-5190},
}
@Article{Porter2003,
	author		= {PORTER D.},
	year		= {2003},
	title		= {The mild-slope equations.},
	journal		= {J. Fluid Mechanics},
	volume		= {494},
	pages		= {51-631},
}
@TechReport{Ris1997,
  author = 	 {RIS R.C.},
  title = 	 {Spectral modelling of wind waves in coastal areas.},
  institution =  {Delft University of Technology},
  year = 	 {1997},
  key = 	 {ISSN 0169-6548},
  OPTtype = 	 {},
  number = 	 {97-4},
  address = 	 {Delft, The Netherlands.},
  OPTmonth = 	 {},
  OPTnote = 	 {},
  annote = 	 {Communication on Hydraulic and Geotechnical Engineering}
}
@Article{Roelvink1993,
	author		= {ROELVINK, J.A.},
	year		= {1993},
	title		= {Dissipation in random wave groups incident on a beach.},
	journal		= {Coastal. Eng.},
	volume		= {19},
	pages		= {127-150},
}
@Article{Snyder1981,
	author		= {SNYDER. R.L. DOBSON F.W. ELLIOT J.A. LONG R.B.},
	year		= {1981},
	title		= {Array measurements of atmospheric pressure fluctuations above surface gravity waves.},
	journal		= {J. Fluid Mech.},
	volume		= {102},
	pages		= {1-59},
}
@Article{Staniforth1991,
	author		= {STANIFORTH A., COTE J.},
	year		= {1991},
	title		= {Semi-Lagrangian integration schemes for atmospheric models - a review.},
	journal		= {Monthly Weather Review},
	volume		= {119},
	pages		= {22016-2223},
}
@Article{Suzuki2011,
	author		= { T. Suzuki M. Zijlema B. Burger M. C. Meijer and S. Narayan},
	year		= {2011},
	title		= {Wave dissipation by vegetation with layer schematisation in SWAN},
	journal		= {Coast. Eng.},
	volume		= {59},
	pages		= {64-71},
}
@Article{Temperton1987,
	author		= {TEMPERTON, C. AND STANIFORTH, A.},
	year		= {1987},
	title		= {An efficient two-time-level semi-Lagrangian semi-implicit integration scheme.},
	journal		= {J. R. Meteorol. Soc.},
	volume		= {113},
	pages		= {1025-1039},
}
@Article{Thornton1983,
	author		= {THORNTON E.B., GUZA R.T.},
	year		= {1983},
	title		= {Transformation of wave height distribution},
	journal		= {J. Geophys. Res.},
	volume		= {88},
	number		= {10},
	pages		= {5925-5938},
}
@Article{Tolman1991,
	author		= {TOLMAN H.L.},
	year		= {1991},
	title		= {A third-generation model for wind waves on slowly varying unsteady and inhomogeneous depths and currents.},
	journal		= {J. Phys. Oceanogr.},
	volume		= {21},
	pages		= {782-797},
}
@Article{Tolman1992,
	author		= {TOLMAN H.L.},
	year		= {1992},
	title		= {Effects of numerics on the physics in a third-generation wind-wave model.},
	journal		= {J. Phys. Oceanogr.},
	volume		= {22},
	pages		= {1095-1111},
}
@Article{Tolman2004,
	author		= {TOLMAN H.L.},
	year		= {2004},
	title		= {Inverse modeling of discrete interaction approximations for nonlinear interactions in wind waves.},
	journal		= {Ocean Modelling},
	volume		= {6},
	pages		= {405-422},
}
@Article{Westhuys2007,
	author		= {Van der WESTHUYSEN A. J., ZIJLEMA M.,  BATTJES J.A.},
	year		= {2007},
	title		= {Nonlinear saturation-based whitecapping dissipation in swan for deep and shallow water. },
	journal		= {Coastal Eng.},
	volume		= {54},
	pages		= {151-170},
}
@Phdthesis{Westhuys2008,
	author		= {Van der WESTHUYSEN A. J.},
	year		= 2008,
	title		= {Advances in the spectral modelling of wind waves in the nearshore.},
	school		= {University of Technology, },
	address		= {Delft, The Nederlands}
}
@Article{Westhuys2012,
	author		= {Van der WESTHUYSEN A. J.},
	year		= {2012},
	title		= {Spectral modeling of wave dissipation on negative current gradients.},
	journal		= {Coastal Eng},
	volume		= {58},
	pages		= {17-30},
}
@Article{Wamdi1988,
	author		= {WAMDI Group },
	year		= {1988},
	title		= {The WAM-model - A third generation ocean wave prediction model.},
	journal		= {J. Phys.Oceanogr.,},
	volume		= {18},
	pages		= {1775-1810},
}
@Article{Webb1978,
	author		= {WEBB D.J. },
	year		= {1978},
	title		= {Non-linear transfer between sea waves.},
	journal		= {Deep Sea Research},
	volume		= {25},
	pages		= {279-298},
}
@Article{Willebrand1975,
	author		= {WILLEBRAND J. },
	year		= {1975},
	title		= {Energy transport in a non-linear and inhomogeneous random gravity wave field},
	journal		= {J. Fluid Mech.},
	volume		= {70},
	pages		= {113-126},
}
@Article{Wise2007,
	author		= {WISE group}, 
	year		= {2007}, 
	title		= { Wave modelling -- the state of the art.}, 
	journal		= {Progress in Oceanography}, 
	volume		= {75}, 
	pages		= {603-674}, 
}
@TechReport{Yan1987,
  author = 	 {YAN L.},
  title = 	 {An improved wind input source term for third generation ocean wave modelling.},
  institution =  { Royal Dutch Meteor. Inst},
  year = 	 {1987},
  OPTkey = 	 {},
  type = 	 {Tech. Rep.,},
  number = 	 {8},
  OPTaddress = 	 {},
  OPTmonth = 	 {},
  OPTnote = 	 {},
  OPTannote = 	 {}
}
@Article{,
	author		= {},
	year		= {},
	title		= {},
	journal		= {},
	volume		= {},
	pages		= {},
}

@TechReport{chass,
  author = 	 {},
  title = 	 {},
  institution =  {},
  year = 	 {},
  OPTkey = 	 {},
  OPTtype = 	 {},
  number = 	 {},
  OPTaddress = 	 {},
  month = 	 {},
  OPTnote = 	 {},
  OPTannote = 	 {}
}
